
% INPROCEEDINGS $$$$$$$$$$$$$$$$$$$$$$$$$$$$$$$$$$$$$$$$$$$$$$$$$$$$$$$$$$$$$$$$$$

@INPROCEEDINGS{Hehn_ICRA_2011, 
author={Hehn, M. and D'Andrea, R.}, 
booktitle={IEEE International Conference on Robotics and Automation (ICRA)}, 
title={A flying inverted pendulum}, 
year={2011}, 
pages={763-770}, 
keywords={learning systems;nonlinear control systems;pendulums;space vehicles;vehicle dynamics;ETH Zurich Flying Machine Arena testbed;classic control problem;curved trajectories;dynamic equilibria;flying inverted pendulum;learning methodology;nominal states;nominal trajectories;quadrotor aerial vehicle;quadrotor dynamics;static equilibria;time-invariant description;virtual body frame;yaw-independent description;Acceleration;Dynamics;Equations;Mathematical model;Trajectory;Vehicle dynamics;Vehicles}, 
doi={10.1109/ICRA.2011.5980244}, 
ISSN={1050-4729},}

@INPROCEEDINGS{Mueller_IROS_2012, 
author={Mueller, F.L. and Sch\"{o}ellig, A.P. and D'Andrea, R.}, 
booktitle={IEEE/RSJ International Conference on Intelligent Robots and Systems (IROS)}, 
title={Iterative learning of feed-forward corrections for high-performance tracking}, 
year={2012}, 
pages={3276-3281}, 
keywords={aircraft control;feedback;feedforward;iterative methods;learning (artificial intelligence);mobile robots;self-adjusting systems;trajectory control;coarse dynamics model;feedback control;feedforward corrections;feedforward input signal;high-performance tracking;iterative learning algorithm;model information extraction;nonrepetitive noise;numerical simulation;quadrocopter system;system dynamics;three-dimensional quadrocopter motions;trajectory-following controller;Aerodynamics;Heuristic algorithms;Numerical models;Trajectory;Vectors;Vehicle dynamics}, 
doi={10.1109/IROS.2012.6385647}, 
ISSN={2153-0858},}

%$$$$$$$$$$$$$$$$$$$$$$$$$$$$$$$$$$$$$$$$$$$$$$$$$$$$$$$$$$$$$$$$$$$$$$$$$$$$$$$
% ARTICLE $$$$$$$$$$$$$$$$$$$$$$$$$$$$$$$$$$$$$$$$$$$$$$$$$$$$$$$$$$$$$$$$$$$$$$
@ARTICLE{Mahony_RAM_2012, 
author={Mahony, R. and Kumar, V. and Corke, P.}, 
journal={IEEE Robotics Automation Magazine}, 
title={Multirotor Aerial Vehicles: Modeling, Estimation, and Control of Quadrotor}, 
year={2012}, 
volume={19}, 
number={3}, 
pages={20-32}, 
keywords={aircraft control;multi-robot systems;multirotor aerial vehicles;quadrotor control;Aerodynamics;Aircraft manufacture;Atmospheric modeling;Blades;Estimation;Modeling;Rotors;Tutorials}, 
doi={10.1109/MRA.2012.2206474}, 
ISSN={1070-9932}
}


@ARTICLE{Michael_RAM_2010, 
author={Michael, Nathan and Mellinger, D. and Lindsey, Q. and Kumar, V.}, 
journal={IEEE Robotics Automation Magazine}, 
title={The {GRASP} Multiple Micro-{UAV} Testbed}, 
year={2010}, 
volume={17}, 
number={3}, 
pages={56-65}, 
keywords={aerospace control;helicopters;mobile robots;remotely operated vehicles;GRASP;MAV;flown systems;microunmanned aerial vehicles;multiple micro-UAV testbed;research grade helicopters;Acceleration;Mathematical model;Robot kinematics;Rotors;Software;Trajectory;Unmanned aerial vehicles}, 
doi={10.1109/MRA.2010.937855}, 
ISSN={1070-9932}
}

%$$$$$$$$$$$$$$$$$$$$$$$$$$$$$$$$$$$$$$$$$$$$$$$$$$$$$$$$$$$$$$$$$$$$$$$$$$$$$$$
% BOOK$$$$$$$$$$$$$$$$$$$$$$$$$$$$$$$$$$$$$$$$$$$$$$$$$$$$$$$$$$$$$$$$$$$$$$$$$$

@book{Corke_Springer_2011,
  title={Robotics, Vision and Control: Fundamental Algorithms in MATLAB},
  author={Corke, P.},
  isbn={9783642201431},
  lccn={2011934624},
  series={Springer Tracts in Advanced Robotics},
  year={2011},
  publisher={Springer}
}

@book{hespanha,
	title={Linear Systems Theory},
	author={Hespanha, Joao},
	isbn={9780691140216},
	lccn={0691140219},
	year={2009},
	publisher={Princeton University Press}
}

@book{Zak_Oxford_2003,
  title={Systems and Control},
  author={{\.Z}ak, S.H.},
  isbn={9780195150117},
  lccn={2002066792},
  series={Engineering \& Technology},
  year={2003},
  publisher={Oxford University Press}
}

@book{Abdalla_LQR,
	title={Linear Quadratic Control: An Introduction},
	author={Dorato, Peter and Abdallah, Chouki and Cerone, Vito},
	isbn={9781575241562},
	lccn={1575241560},
	year={2000},
	publisher={Krieger Pub Co}
}

@book{asctek,
  title = {Hummingbird Information},
  author = {AscTec},
  year={2000},
  publisher = {http://www.asctec.de/uav-applications/research/products/asctec-hummingbird}
}

@misc{haws_code,
  author = {Figueroa, Rafael},
  title = {Warning System Framework Tools and Hybrid Automata Simulator},
  year = {2014},
  publisher = {GitHub},
  journal = {GitHub repository},
  howpublished = {\url{https://github.com/rafafigueroa/wsdift}},
}

@electronic{ubilinux,
  author = {Emutex},
  title = {ubilinux embedded Linux Distribution},
  year = {2015},
  url = {http://www.emutexlabs.com/ubilinux},
}

@electronic{edison_setup,
  author = {Sparkfun},
  title = {Loading Debian (Ubilinux) on the {E}dison},
  year = {2015},
  publisher = {Sparkfun},
  url = {https://learn.sparkfun.com/tutorials/loading-debian-ubilinux-on-the-edison},
}

@electronic{imu_datasheet,
  title = {{LSM9DS0} {IMU} Datasheet},
  year = {2015},
  author = {STMicrocontrollers},
  url = {http://www.st.com/st-web-ui/static/active/en/resource/technical/document/datasheet/DM00087365.pdf},
}

@electronic{i2cpython,
  author = {Antman232},
  title = {Raspberry {P}i I2C ({P}ython)},
  year = {2014},
  organization = {Instructables},
  url = {http://www.instructables.com/id/Raspberry-Pi-I2C-Python/?ALLSTEPS},
}

@electronic{motor_specs,  
  title         = {Motor Specifications},
  url           = {http://www.myrcmart.com/rcx-a283012-850kv-outrunner-brushless-motor-airplane-free-mounts-p-3723.html},
  author  = {My{R}c{M}art},
  year          = {2015}
}

@electronic{propeller_data,
  title = {Propeller Performance Data},
  url = {http://www.apcprop.com/v/downloads/PERFILES_WEB/PER3_10x47SF.dat}
  author = {APC Propellers}
  year = {2015}
}

@phdthesis{propeller_thesis,
  title={Small-scale propeller performance at low speeds},
  author={Brandt, John Burton},
  year={2005},
  school={University of Illinois at Urbana-Champaign}
}
  
@electronic{ESC_specs,
  title = {Electronic {S}peed {C}ontroller specifications},
  author = {{RCT}imer},
  year = {2015},
  url = {http://rctimer.com/product-146.html}
}

@electronic{simonk,
  title = {Simon{K} {ESC} {F}irmware},
  author = {Simon Kirby},
  year = {2015},
  url = {https://github.com/sim-/tgy}
}

@inproceedings{quadrotor_model,
  title={Quadrotor helicopter flight dynamics and control: Theory and experiment},
  author={Hoffmann, Gabriel M and Huang, Haomiao and Waslander, Steven L and Tomlin, Claire J},
  booktitle={Proc. of the AIAA Guidance, Navigation, and Control Conference},
  volume={2},
  year={2007}
}

@electronic{pwm_controller,
  title = {{PWM} controller},
  author = {{NXP}},
  year = {2015},
  url = {http://www.nxp.com/documents/data_sheet/PCA9685.pdf}
}

@electronic{simonk_demo,
  title = {Simon{K} Demonstration},
  author = {Herve},
  year = {2012},
  url = {https://www.youtube.com/watch?v=1Q_l_OvrCVo}
}

@electronic{pwm_driver,
  title = {{PWM} controller interfacing driver},
  author = {Adafruit},
  year = {2015},
  url = {https://github.com/adafruit/Adafruit-Raspberry-Pi-Python-Code}
}

@electronic{pwm_driver_instructions,
  title = {{PWM} driver instructions},
  author = {Kevin Townsend},
  year = {2014},
  url = {https://learn.adafruit.com/downloads/pdf/adafruit-16-channel-servo-driver-with-raspberry-pi.pdf}
}

@electronic{imu_driver,
  title = {{RTIMUL}ib {IMU} driver},
  author = {richards-tech},
  year = {2015},
  url = {https://github.com/richards-tech/RTIMULib}
}

@electronic{esc_list,
  title = {{ESC} compatibility list for {S}imon{K}},
  author = {Simon Kirby},
  year = {2015},
  url = {https://docs.google.com/spreadsheet/ccc?key=0AhR02IDNb7_MdEhfVjk3MkRHVzhKdjU1YzdBQkZZRlE#gid=0}
}

@electronic{avr_prog,
  title = {{AVR} programmer user's manual},
  author = {protostack},
  url = {http://www.protostack.com/download/Users%20Guide%20(AC-PG-USBASP-UG-V2.0).pdf}
}

@book{uav_handbook,
  title={Handbook of Unmanned Aerial Vehicles},
  author={Valavanis, Kimon P and Vachtsevanos, George J},
  year={2015},
  publisher={Springer}
}

@inproceedings{nasa_laser,
  title={Overview and results of the Lunar laser Communication Demonstration},
  author={Boroson, Don M and Robinson, Bryan S and Murphy, Daniel V and Burianek, Dennis A and Khatri, Farzana and Kovalik, Joseph M and Sodnik, Zoran and Cornwell, Donald M},
  booktitle={SPIE LASE},
  pages={89710S--89710S},
  year={2014},
  organization={International Society for Optics and Photonics}
}

@article{wireless_vulnerabilities,
  title={Vulnerabilities of Wireless Security protocols (WEP and WPA2)},
  author={Kumkar, Vishal and Tiwari, Akhil and Tiwari, Pawan and Gupta, Ashish and Shrawne, Seema},
  journal={International Journal of Advanced Research in Computer Engineering \& Technology (IJARCET)},
  volume={1},
  number={2},
  pages={34--38},
  year={2012}
}

@inproceedings{transportable_laser,
  title={Transportable optical ground station for high-speed free-space laser communication},
  author={Shrestha, Amita and Brechtelsbauer, Martin},
  booktitle={SPIE Optical Engineering+ Applications},
  pages={851706--851706},
  year={2012},
  organization={International Society for Optics and Photonics}
}

@article{wireless_triangulation,
  title={Direction finding in IEEE802. 11 wireless networks},
  author={Kalis, Antonis and Antonakopoulos, Theodore},
  journal={Instrumentation and Measurement, IEEE Transactions on},
  volume={51},
  number={5},
  pages={940--948},
  year={2002},
  publisher={IEEE}
}